<record><leader>00000cas a2200000 a 4500</leader><controlfield tag="001">17470426</controlfield><controlfield tag="008">880212d19871993waudn ne      0   a0eng c</controlfield><datafield ind1=" " ind2=" " tag="010"><subfield code="a">sn 89006592 </subfield></datafield><datafield ind1=" " ind2=" " tag="040"><subfield code="a">WAU</subfield><subfield code="b">eng</subfield><subfield code="c">WAU</subfield><subfield code="d">NSD</subfield><subfield code="d">WAU</subfield><subfield code="d">NSD</subfield><subfield code="d">WAU</subfield><subfield code="d">DLC</subfield><subfield code="d">OCLCQ</subfield><subfield code="d">OCLCF</subfield><subfield code="d">OCLCO</subfield></datafield><datafield ind1=" " ind2=" " tag="012"><subfield code="j">0</subfield><subfield code="m">d</subfield></datafield><datafield ind1="1" ind2=" " tag="022"><subfield code="a">1042-3621</subfield><subfield code="l">1042-3621</subfield><subfield code="y">0148-0855</subfield><subfield code="2">1</subfield></datafield><datafield ind1="1" ind2=" " tag="029"><subfield code="a">AU@</subfield><subfield code="b">000020538685</subfield></datafield><datafield ind1=" " ind2=" " tag="042"><subfield code="a">nsdp</subfield><subfield code="a">pcc</subfield></datafield><datafield ind1=" " ind2=" " tag="043"><subfield code="a">n-us-wa</subfield></datafield><datafield ind1="0" ind2="0" tag="050"><subfield code="a">Newspaper</subfield></datafield><datafield ind1=" " ind2="4" tag="222"><subfield code="a">The Morning news tribune</subfield></datafield><datafield ind1="0" ind2="0" tag="245"><subfield code="a">Morning news tribune.</subfield></datafield><datafield ind1="1" ind2=" " tag="246"><subfield code="i">On Sunday published as:</subfield><subfield code="a">Sunday news tribune</subfield><subfield code="f">Apr. 12, 1987-</subfield></datafield><datafield ind1="1" ind2="7" tag="246"><subfield code="a">News tribune</subfield></datafield><datafield ind1=" " ind2=" " tag="260"><subfield code="a">Tacoma, Wash. :</subfield><subfield code="b">Tacoma News,</subfield><subfield code="c">[1987-1993]</subfield></datafield><datafield ind1=" " ind2=" " tag="300"><subfield code="a">v. :</subfield><subfield code="b">ill. ;</subfield><subfield code="c">62 cm.</subfield></datafield><datafield ind1=" " ind2=" " tag="310"><subfield code="a">Daily except Sunday,</subfield><subfield code="b">&lt;Jan. 4, 1989-&gt;</subfield></datafield><datafield ind1=" " ind2=" " tag="321"><subfield code="a">Daily,</subfield><subfield code="b">1987-</subfield></datafield><datafield ind1="0" ind2=" " tag="362"><subfield code="a">104th year, no. 364 (Apr. 6, 1987)-Oct. 3, 1993.</subfield></datafield><datafield ind1=" " ind2="0" tag="651"><subfield code="a">Tacoma (Wash.)</subfield><subfield code="v">Newspapers.</subfield></datafield><datafield ind1=" " ind2="7" tag="655"><subfield code="a">Newspapers.</subfield><subfield code="2">fast</subfield><subfield code="0">(OCoLC)fst01423814</subfield></datafield><datafield ind1=" " ind2="7" tag="651"><subfield code="a">Washington (State)</subfield><subfield code="z">Tacoma.</subfield><subfield code="2">fast</subfield><subfield code="0">(OCoLC)fst01205636</subfield></datafield><datafield ind1=" " ind2=" " tag="752"><subfield code="a">United States</subfield><subfield code="b">Washington</subfield><subfield code="c">Pierce</subfield><subfield code="d">Tacoma.</subfield></datafield><datafield ind1="0" ind2="0" tag="780"><subfield code="t">Tacoma news tribune</subfield><subfield code="w">(DLC)sn 86072045</subfield><subfield code="w">(OCoLC)14402924</subfield></datafield><datafield ind1="0" ind2="0" tag="785"><subfield code="t">News tribune (Tacoma, Wash. : 1993)</subfield><subfield code="x">1073-5860</subfield><subfield code="w">(DLC)sn 93003470</subfield><subfield code="w">(OCoLC)28950096</subfield></datafield></record>